<?xml version="1.0" encoding="UTF-8"?><collection xmlns="http://www.loc.gov/MARC21/slim"><record><leader>00509nam--2200181-u-4500</leader><controlfield tag="001">000055665</controlfield><controlfield tag="002">20161230</controlfield><controlfield tag="005">20170118192504</controlfield><controlfield tag="008">130326s1000------------r-----000-0-rus-d</controlfield><datafield ind1=" " ind2=" " tag="040"><subfield code="a">IFIN-HH</subfield></datafield><datafield ind1=" " ind2=" " tag="041"><subfield code="a">rus</subfield></datafield><datafield ind1=" " ind2=" " tag="080"><subfield code="a">524.1</subfield></datafield><datafield ind1="1" ind2=" " tag="100"><subfield code="a">Wilson, J. G</subfield></datafield><datafield ind1="1" ind2="0" tag="245"><subfield code="a">Fizika kosmiceskih lucei</subfield><subfield code="b">Tom I</subfield><subfield code="c">J.G. Wilson (ed.)</subfield></datafield><datafield ind1=" " ind2=" " tag="260"><subfield code="a">Moskva</subfield><subfield code="b">Inostrannoi Literaturi</subfield><subfield code="c">1954</subfield></datafield><datafield ind1=" " ind2=" " tag="500"><subfield code="a">Titlul Original In Limba Engleza: Progress In Cosmic Ray Physics</subfield></datafield><datafield ind1=" " ind2=" " tag="852"><subfield code="a">3728</subfield><subfield code="c">H.H</subfield></datafield><datafield ind1=" " ind2=" " tag="CAT"><subfield code="a">SYS</subfield><subfield code="c">20170118</subfield><subfield code="h">192504</subfield></datafield></record></collection>